 @manual{reactdocs,
  title={React Official Documentation},
  author={{React Core Team}},
  organization={Meta Platforms, Inc.},
  year={2024},
  url={https://react.dev/}
}

@book{hav2018eloquent,
  title={Eloquent JavaScript: A Modern Introduction to Programming},
  author={Marijn Haverbeke},
  publisher={No Starch Press},
  year={2018},
  edition={3rd},
  isbn={978-1593279509}
}


@manual{firebasedocs,
  title={Firebase Documentation},
  author={{Firebase Core Team}},
  organization={Google LLC},
  year={2024},
  url={https://firebase.google.com/docs}
}

@book{meyer2017css,
  title={CSS: The Definitive Guide},
  author={Eric A. Meyer and Estelle Weyl},
  publisher={O'Reilly Media},
  year={2017},
  edition={4th},
  isbn={978-1449393199}
}


@book{duckett2011html,
  title={HTML and CSS: Design and Build Websites},
  author={Jon Duckett},
  publisher={Wiley},
  year={2011},
  isbn={978-1118008188}
}

@manual{nodedocs,
  title={Node.js Official Documentation},
  author={{Node.js Core Team}},
  organization={OpenJS Foundation},
  year={2024},
  url={https://nodejs.org/}
}

@manual{npmdocs,
  title={npm Documentation},
  author={{npm, Inc.}},
  year={2024},
  url={https://docs.npmjs.com/}
}

@manual{ganachedocs,
  title={Ganache Documentation},
  author={{Truffle Team}},
  organization={Truffle Suite},
  year={2024},
  url={https://trufflesuite.com/ganache/}
}

@manual{truffledocs,
  title={Truffle Suite Documentation},
  author={{Truffle Team}},
  organization={Truffle Suite},
  year={2024},
  url={https://trufflesuite.com/docs/}
}

@manual{soliditydocs,
  title={Solidity Documentation},
  author={{Solidity Contributors}},
  organization={Ethereum Foundation},
  year={2024},
  url={https://soliditylang.org/docs/}
}

@manual{ethereumdocs,
  title={Ethereum Official Documentation},
  author={{Ethereum Foundation}},
  year={2024},
  url={https://ethereum.org/en/developers/docs/}
}

@book{antonopoulos2018mastering,
  title={Mastering Ethereum: Building Smart Contracts and DApps},
  author={Andreas M. Antonopoulos and Gavin Wood},
  publisher={O'Reilly Media},
  year={2018},
  isbn={978-1491971949}
}



